@inproceedings{JoshBerdine.2004,
  author    = {Berdine, Josh and Calcagno, Cristiano and O'Hearn, Peter W.},
  title     = {A {Decidable} {Fragment} of {Separation} {Logic}},
  pages     = {97--109},
  volume    = {3328},
  publisher = {Springer},
  series    = {Lecture Notes in Computer Science},
  editor    = {Lodaya, K. and Mahajan, M.},
  booktitle = {Foundations of Software Technology and Theoretical Computer Science},
  year      = {2004},
  address   = {Berlin, Heidelberg},
  doi       = {10.1007/978-3-540-30538-5{\textunderscore }9},
}

@misc{Alice-rs,
  author    = {Florian Sextl},
  title     = {Alice\_rs Github Repository},
  howpublished = "\url{https://github.com/firefighterduck/alice_rs}",
}

@misc{seminar-paper,
  author    = {Florian Sextl},
  title     = {A {Decidable} {Fragment} of {Separation} {Logic}},
  note      = {Seminar Automated Reasoning},
  year      = {2020},
  howpublished  = "\url{https://www21.in.tum.de/teaching/sar/SS20/8.pdf}",
}
